<?xml version="1.0" encoding="UTF-8"?><collection xmlns="http://www.loc.gov/MARC21/slim"><record><leader>00535nam--2200181-u-4500</leader><controlfield tag="001">000054542</controlfield><controlfield tag="002">20161230</controlfield><controlfield tag="005">20161230201051</controlfield><controlfield tag="008">120119s1000------------r-----000-0-rus-d</controlfield><datafield ind1=" " ind2=" " tag="040"><subfield code="a">IFIN-HH</subfield></datafield><datafield ind1=" " ind2=" " tag="041"><subfield code="a">rus</subfield></datafield><datafield ind1=" " ind2=" " tag="080"><subfield code="a">539.124</subfield></datafield><datafield ind1="1" ind2=" " tag="100"><subfield code="a">Bakish, Robert</subfield></datafield><datafield ind1="1" ind2="0" tag="245"><subfield code="a">Elektronno- i ionnolucevaia tehnologia</subfield><subfield code="b">First international conference on electron and ion beam science and technology</subfield><subfield code="c">Robert bakish (ed.)</subfield></datafield><datafield ind1=" " ind2=" " tag="260"><subfield code="a">Moskva</subfield><subfield code="b">Metallurgia</subfield><subfield code="c">1968</subfield></datafield><datafield ind1=" " ind2=" " tag="300"><subfield code="a">443P</subfield></datafield><datafield ind1=" " ind2=" " tag="852"><subfield code="a">76897</subfield><subfield code="c">539.12</subfield></datafield><datafield ind1=" " ind2=" " tag="CAT"><subfield code="a">Sys</subfield><subfield code="c">20120119</subfield><subfield code="h">165728</subfield></datafield></record></collection>